<?xml version="1.0" encoding="UTF-8"?><collection xmlns="http://www.loc.gov/MARC21/slim"><record><leader>00520nam--2200193-i-4500</leader><controlfield tag="001">000013240</controlfield><controlfield tag="002">20161230</controlfield><controlfield tag="005">20161230201030</controlfield><controlfield tag="008">060222s1000------------r-----000-0-eng-d</controlfield><datafield ind1=" " ind2=" " tag="020"><subfield code="a">0333264274</subfield></datafield><datafield ind1=" " ind2=" " tag="040"><subfield code="a">IFIN-HH</subfield></datafield><datafield ind1=" " ind2=" " tag="080"><subfield code="a">530.1</subfield></datafield><datafield ind1="1" ind2=" " tag="100"><subfield code="a">Elliott, J.P</subfield></datafield><datafield ind1="1" ind2="0" tag="245"><subfield code="a">Symmetry in physics</subfield><subfield code="b">Vol.2: further applications</subfield><subfield code="c">J.p. elliott, p.g. dawber</subfield></datafield><datafield ind1=" " ind2=" " tag="260"><subfield code="a">London</subfield><subfield code="b">The Macmillan Press Ltd</subfield><subfield code="c">1979</subfield></datafield><datafield ind1=" " ind2=" " tag="300"><subfield code="a">XV+273P.+VI</subfield></datafield><datafield ind1="1" ind2=" " tag="700"><subfield code="a">Dawber, P.G</subfield></datafield><datafield ind1=" " ind2=" " tag="852"><subfield code="a">47951</subfield><subfield code="c">530.1</subfield></datafield><datafield ind1=" " ind2=" " tag="CAT"><subfield code="a">Sys</subfield><subfield code="c">20130603</subfield><subfield code="h">165207</subfield></datafield></record></collection>